@article{Dirac1953888,
  title   = {The {Lorentz} transformation and absolute time},
  journal = {Physica },
  volume  = {19},
  number  = {1-–12},
  pages   = {888--896},
  year    = {1953},
  doi     = {10.1016/S0031-8914(53)80099-6},
  author  = {P. A. M. Dirac}
}

@article{Feynman1963118,
  title   = {The theory of a general quantum system interacting with a linear dissipative system},
  journal = {Annals of Physics },
  volume  = {24},
  pages   = {118--173},
  year    = {1963},
  doi     = {10.1016/0003-4916(63)90068-X},
  author  = {R. P Feynman and F. L {Vernon Jr.}}
}
@article{lovelace2017,
	title = {The Propensity to Cycle Tool: An open source online system for sustainable transport planning},
	author = {Lovelace, Robin and Goodman, Anna and Aldred, Rachel and Berkoff, Nikolai and Abbas, Ali and Woodcock, James},
	year = {2017},
	month = {01},
	date = {2017-01-01},
	journal = {Journal of Transport and Land Use},
	volume = {10},
	number = {1},
	doi = {10.5198/jtlu.2016.862},
	url = {https://doi.org/10.5198/jtlu.2016.862},
	note = {Citation Key: lovelace{\_}propensity{\_}2017},
	langid = {en}
}

@misc{climate2022,
	title = {Climate Change 2022: Mitigation of Climate Change},
	year = {2022},
	date = {2022},
	url = {https://www.ipcc.ch/report/ar6/wg3/},
	note = {Citation Key: ipcc{\_}climate{\_}2022},
	langid = {en}
}

@inbook{jaramillo2022,
	title = {Transport},
	author = {Jaramillo, P. and Kahn Ribeiro, S. and Newman, P. and Dhar, S. and Diemuodeke, O.E. and Kajino, T. and Lee, D.S. and Nugroho, S.B. and Ou, X. and {Hammer Strømman}, A. and Whitehead, J.},
	editor = {Shukla, P.R. and Skea, J. and Slade, R. and Khourdajie, A. Al and van Diemen, R. and McCollum, D. and Pathak, M. and Some, S. and Vyas, P. and Fradera, R. and Belkacemi, M. and Hasija, A. and Lisboa, G. and Luz, S. and Malley, J.},
	year = {2022},
	date = {2022},
	publisher = {Cambridge University Press},
	url = {https://www.ipcc.ch/report/ar6/wg3/downloads/report/IPCC_AR6_WGIII_Chapter10.pdf},
	note = {Citation Key: IPCC{\_}2022{\_}WGIII{\_}Ch{\_}10
DOI: 10.1017/9781009157926.012
Section: 10
Type: Book section},
	address = {Cambridge, UK and New York, NY, USA}
}

@article{gray2001,
	title = {Car dependence in rural Scotland: transport policy, devolution and the impact of the fuel duty escalator},
	author = {Gray, David and Farrington, John and Shaw, Jon and Martin, Suzanne and Roberts, Deborah},
	year = {2001},
	month = {01},
	date = {2001-01},
	journal = {Journal of Rural Studies},
	pages = {113{\textendash}125},
	volume = {17},
	number = {1},
	doi = {10.1016/S0743-0167(00)00035-8},
	url = {http://linkinghub.elsevier.com/retrieve/pii/S0743016700000358}
}

@article{shergold2012,
	title = {Rural car dependence: an emerging barrier to community activity for older people},
	author = {Shergold, Ian and Parkhurst, Graham and Musselwhite, Charles},
	year = {2012},
	date = {2012},
	journal = {Transportation Planning and Technology},
	pages = {69{\textendash}85},
	volume = {35},
	number = {1}
}

@article{motte-baumvol2010,
	title = {Escaping car dependence in the outer suburbs of Paris},
	author = {Motte-baumvol, Benjamin and Massot, {M.-H. Marie-hélène M.-H.} and Byrd, AM M. AM Andrew M},
	year = {2010},
	month = {11},
	date = {2010-11},
	journal = {Urban Studies},
	pages = {604{\textendash}619},
	volume = {47},
	number = {3},
	doi = {10.1177/0042098009349773},
	url = {http://usj.sagepub.com/cgi/doi/10.1177/0042098009349773 http://usj.sagepub.com/content/47/3/604.short}
}

@article{lovelace2017,
	title = {The Propensity to Cycle Tool: An open source online system for sustainable transport planning},
	author = {Lovelace, Robin and Goodman, Anna and Aldred, Rachel and Berkoff, Nikolai and Abbas, Ali and Woodcock, James},
	year = {2017},
	month = {01},
	date = {2017-01-01},
	journal = {Journal of Transport and Land Use},
	volume = {10},
	number = {1},
	doi = {10.5198/jtlu.2016.862},
	url = {https://doi.org/10.5198/jtlu.2016.862},
	langid = {en}
}
@article{lovelace2022,
	title = {Jittering: A Computationally Efficient Method for Generating Realistic Route Networks from Origin-Destination Data},
	author = {Lovelace, Robin and {Félix}, Rosa and Carlino, Dustin},
	year = {2022},
	month = {04},
	date = {2022-04-08},
	journal = {Findings},
	pages = {33873},
	doi = {10.32866/001c.33873},
	url = {https://findingspress.org/article/33873-jittering-a-computationally-efficient-method-for-generating-realistic-route-networks-from-origin-destination-data},
	note = {Publisher: Findings Press
Citation Key: lovelace{\_}jittering{\_}2022b},
	langid = {en}
}
