
@article{lovelace2017,
	title = {The Propensity to Cycle Tool: An open source online system for sustainable transport planning},
	author = {Lovelace, Robin and Goodman, Anna and Aldred, Rachel and Berkoff, Nikolai and Abbas, Ali and Woodcock, James},
	year = {2017},
	month = {01},
	date = {2017-01-01},
	journal = {Journal of Transport and Land Use},
	volume = {10},
	number = {1},
	doi = {10.5198/jtlu.2016.862},
	url = {https://doi.org/10.5198/jtlu.2016.862},
	note = {Citation Key: lovelace{\_}propensity{\_}2017},
	langid = {en}
}

@inproceedings{meade2018,
	title = {Scotish Transportation Applications Research},
	author = {Meade, Suzanne and Stewart, Kathryn and Maher, Mike},
	year = {2018},
	date = {2018},
	url = {http://www.starconference.org.uk/star/2018/Meade.pdf},
	note = {Citation Key: meade{\_}visualisation{\_}2018}
}

@article{mahfouz,
	title = {Road Segment Prioritization for Bicycle Infrastructure},
	author = {Mahfouz, Hussein and Lovelace, Robin and Arcaute, Elsa},
	year = {00},
	date = {00},
	journal = {arXiv},
	url = {https://arxiv.org/abs/2105.03712},
	note = {Citation Key: mahfouz{\_}road{\_}underreview}
}

@article{morgan2020,
	title = {Travel flow aggregation: nationally scalable methods for interactive and online visualisation of transport behaviour at the road network level},
	author = {Morgan, Malcolm and Lovelace, Robin},
	year = {2020},
	month = {07},
	date = {2020-07},
	journal = {Environment & Planning B: Planning & Design},
	doi = {10.1177/2399808320942779},
	url = {https://doi.org/10.1177/2399808320942779},
	note = {tex.ids: morgan{\_}travel{\_}2020a
publisher: SAGE PublicationsSage UK: London, England
Citation Key: morgan{\_}travel{\_}2020}
}

@article{lovelace2022,
	title = {Assessing methods for generating route networks from origin-destionation data: jittering, routing, and visualisation},
	author = {Lovelace, Robin and {Félix}, Rosa and Carlin, Dustin and Beecham, Roger},
	year = {2022},
	month = {03},
	date = {2022-03-29},
	url = {https://zenodo.org/record/6410196},
	note = {Conference Name: 30th Annual Geographical Information Science Research UK (GISRUK)
DOI: 10.5281/zenodo.6410196
Publisher: Zenodo
Citation Key: lovelace{\_}assessing{\_}2022},
	address = {Liverpool, United Kingdom}
}

@article{caulfield2012,
	title = {Determining bicycle infrastructure preferences {\textendash} A case study of Dublin},
	author = {Caulfield, Brian and Brick, Elaine and McCarthy, {Orla Thérèse}},
	year = {2012},
	month = {07},
	date = {2012-07-01},
	journal = {Transportation Research Part D: Transport and Environment},
	pages = {413--417},
	volume = {17},
	number = {5},
	doi = {10.1016/j.trd.2012.04.001},
	url = {http://www.sciencedirect.com/science/article/pii/S1361920912000363},
	note = {ZSCC: 0000137
Citation Key: caulfield{\_}determining{\_}2012},
	langid = {en}
}

@article{parkin2008,
	title = {Estimation of the determinants of bicycle mode share for the journey to work using census data},
	author = {Parkin, John and Wardman, Mark and Page, Matthew},
	year = {2008},
	month = {08},
	date = {2008-08},
	journal = {Transportation},
	pages = {93{\textendash}109},
	volume = {35},
	number = {1},
	doi = {10.1007/s11116-007-9137-5},
	url = {http://www.springerlink.com/index/10.1007/s11116-007-9137-5},
	note = {Citation Key: parkin{\_}estimation{\_}2008}
}


@article{brick2018,
  title = {Ex-Post Evaluation of Smarter Travel Areas},
  author = {Brick, Elaine and Swift, Catherine},
  year = {2018},
  url = {https://assets.gov.ie/40421/04d2d97e6c834470800a1f394967a610.pdf}

@inbook{geertman2009,
	title = {Planning Support Systems: Content, Issues and Trends},
	author = {Geertman, Stan and Stillwell, John},
	editor = {Geertman, Stan and Stillwell, John},
	year = {2009},
	date = {2009},
	publisher = {Springer Netherlands},
	pages = {1{\textendash}26},
	series = {The GeoJournal Library},
	volume = {95},
	url = {http://dx.doi.org/10.1007/978-1-4020-8952-7_1},
	note = {Citation Key: geertman{\_}planning{\_}2009},
	langid = {English}
}

@article{bencekri2024,
	title = {A planning support system for boosting walkability},
	author = {Bencekri, Madiha and Lee, Doyun and Ku, Donggyun and Lee, Seungjae},
	year = {2024},
	month = {01},
	date = {2024-01-24},
	journal = {Proceedings of the Institution of Civil Engineers - Municipal Engineer},
	pages = {1--14},
	doi = {10.1680/jmuen.23.00040},
	url = {https://www.icevirtuallibrary.com/doi/abs/10.1680/jmuen.23.00040},
	note = {0 citations (Crossref) [2024-03-24]
Publisher: ICE Publishing}
}

@misc{barmentlo2012,
	title = {Development of a planning support system for public transport rationalization in Kigali, Rwanda},
	author = {Barmentlo, Henk},
	year = {2012},
	month = {10},
	date = {2012-10-29},
	url = {http://essay.utwente.nl/62252/},
	note = {Publisher: University of Twente},
	langid = {en}
}

@inproceedings{bencekri2023,
	title = {A Planning Support System for Boosting Bikeability in Seoul},
	author = {Bencekri, Madiha and Ku, Donggyun and Lee, Doyun and Lee, Seungjae},
	editor = {Goodspeed, Robert and Sengupta, Raja and {Kyttä}, Marketta and Pettit, Christopher},
	year = {2023},
	date = {2023},
	publisher = {Springer Nature Switzerland},
	pages = {149--171},
	doi = {10.1007/978-3-031-31746-0_9},
	note = {1 citations (Crossref) [2024-03-24]},
	address = {Cham},
	langid = {en}
}

@article{geertman2002,
	title = {Participatory Planning and GIS: A PSS to Bridge the Gap},
	author = {Geertman, Stan},
	year = {2002},
	month = {02},
	date = {2002-02-01},
	journal = {Environment and Planning B: Planning and Design},
	pages = {21--35},
	volume = {29},
	number = {1},
	doi = {10.1068/b2760},
	url = {http://epb.sagepub.com/content/29/1/21},
	note = {Citation Key: geertman{\_}participatory{\_}2002},
	langid = {en}
}
